@article{mobilenet,
	author    = {Andrew G. Howard and
	           Menglong Zhu and
	           Bo Chen and
	           Dmitry Kalenichenko and
	           Weijun Wang and
	           Tobias Weyand and
	           Marco Andreetto and
	           Hartwig Adam},
	title     = {MobileNets: Efficient Convolutional Neural Networks for Mobile Vision
	           Applications},
	journal   = {CoRR},
	volume    = {abs/1704.04861},
	year      = {2017},
	url       = {http://arxiv.org/abs/1704.04861},
	archivePrefix = {arXiv},
	eprint    = {1704.04861},
	timestamp = {Wed, 07 Jun 2017 14:40:11 +0200},
	biburl    = {https://dblp.org/rec/bib/journals/corr/HowardZCKWWAA17},
	bibsource = {dblp computer science bibliography, https://dblp.org}
}

